comment{This file has been generated by Pybliographer}

ARTIGOS 
@book{vonNuemann1955_QuMec,
  title={Mathematical Foundations of Quantum Mechanics},
  author={Von Neumann, J.},
  isbn={9780691028934},
  lccn={53010143},
  series={Goldstine Printed Materials},
  url={https://books.google.com.br/books?id=JLyCo3RO4qUC},
  year={1955},
  publisher={Princeton University Press}
}

@article{deutsch1985,
  title={Quantum theory, the Church--Turing principle and the universal quantum computer},
  author={Deutsch, David},
  journal={Proceedings of the Royal Society of London. A. Mathematical and Physical Sciences},
  volume={400},
  number={1818},
  pages={97--117},
  year={1985},
  publisher={The Royal Society}
}

@inproceedings{shor1994,
  title={Algorithms for quantum computation: Discrete logarithms and factoring},
  author={Shor, Peter W},
  booktitle={Proceedings 35th Annual Symposium on Foundations of Computer Science},
  pages={124--134},
  year={1994},
  organization={Ieee}
}

@inproceedings{grover1996,
  title={A fast quantum mechanical algorithm for database search},
  author={Grover, Lov K},
  booktitle={Proceedings of the twenty-eighth annual ACM symposium on Theory of computing},
  pages={212--219},
  year={1996},
  organization={ACM}
}

@misc{transistor_hist,
  author       = {{Universidade Federal do Rio Grande do Sul (UFRGS)}},
  title        = {Primeiro Período - 1947 - Transistor},
  year         = {2025},
  url          = {https://www.ufrgs.br/mvs/Periodo01-1947-Transistor.html},
  note         = {Acesso em: 20 fev. 2025}
}

@article{Feynman1982,
  author  = {Feynman, Richard P.},
  title   = {Simulating physics with computers},
  journal = {International Journal of Theoretical Physics},
  year    = {1982},
  volume  = {21},
  number  = {6},
  pages   = {467--488},
  doi     = {10.1007/BF02650179},
  url     = {https://doi.org/10.1007/BF02650179},
  date    = {1982-06-01},
  issn    = {1572-9575}
}

@inproceedings{simon1994,
  author={Simon, D.R.},
  booktitle={Proceedings 35th Annual Symposium on Foundations of Computer Science},
  title={On the power of quantum computation},
  year={1994},
  volume={},
  number={},
  pages={116-123},
  keywords={Quantum computing;Turing machines;Quantum mechanics;Computational modeling;Polynomials;Computer simulation;Physics computing;Computer errors;Lakes;Relativistic quantum mechanics},
  doi={10.1109/SFCS.1994.365701}
}

@article{Cuzziol2023_Superposicao,
  author = {Cuzziol , Marcos},
  title = {Superposição e paralelismo quânticos: possíveis efeitos em algoritmos},
  journal = {TECCOGS: Revista Digital de Tecnologias Cognitivas},
  volume = {1},
  number = {27},
  pages = {28--38},
  year = {2023},
  month = {dec},
  doi = {10.23925/1984-3585.2023i27p28-38},
  url = {https://doi.org/10.23925/1984-3585.2023i27p28-38}
}

@article{Rigolin2008_Emaranhamento,
title={Emaranhamento quântico},
volume={7},
url={https://econtents.bc.unicamp.br/inpec/index.php/physicae/article/view/13410},
DOI={10.5196/physicae.7.1},
number={1},
journal={Physicae},
author={Rigolin , Gustavo},
year={2008},
month={jul.},
pages={1–7}
}

@book{Nielsen_Chuang2010_Livro,
place={Cambridge},
title={Quantum Computation and Quantum Information: 10th Anniversary Edition}, publisher={Cambridge University Press},
author={Nielsen, Michael A. and Chuang, Isaac L.},
year={2010}
}

@article{jozsa1994_Fidelidade,
author = {Jozsa, Richard},
title = {Fidelity for Mixed Quantum States},
journal = {Journal of Modern Optics},
volume = {41},
number = {12},
pages = {2315--2323},
year = {1994},
publisher = {Taylor \& Francis},
doi = {10.1080/09500349414552171},
URL = {https://doi.org/10.1080/09500349414552171},
eprint = {https://doi.org/10.1080/09500349414552171}
}

@article{Preskill2018_NISQ,
  doi = {10.22331/q-2018-08-06-79},
  url = {https://doi.org/10.22331/q-2018-08-06-79},
  title = {Quantum {C}omputing in the {NISQ} era and beyond},
  author = {Preskill, John},
  journal = {Quantum},
  issn = {2521-327X},
  publisher = {Verein zur F{\"{o}}rderung des Open Access Publizierens in den Quantenwissenschaften},
  volume = {2},
  pages = {79},
  month = aug,
  year = {2018}
}

@misc{EITCA2024_CQ,
  author = {Academia EITCA},
  title = {Como entender o conceito de supercondutividade em termos simples em relação aos qubits supercondutores e aos computadores quânticos?},
  year = {2024},
  url = {https://pt.eitca.org/intelig%C3%AAncia-artificial/eitc-ai-tfqml-tensorflow-aprendizado-de-m%C3%A1quina-qu%C3%A2ntico/implementando-computador-qu%C3%A2ntico/construir-um-computador-qu%C3%A2ntico-com-qubits-supercondutores/como-entender-o-conceito-de-supercondutividade-em-termos-simples-em-rela%C3%A7%C3%A3o-a-qubits-supercondutores-e-computadores-qu%C3%A2nticos/}
}

@misc{IBM_quantum,
  author       = {{IBM Quantum}},
  title        = {{IBM Quantum Platform}},
  year         = {2025},
  howpublished = {\url{https://quantum.cloud.ibm.com/}},
  note         = {Accessed: 2025‑08‑05}
}

@misc{IBM_resources,
  author       = {{IBM Quantum}},
  title        = {{IBM Quantum Computers}},
  year         = {2025},
  howpublished = {\url{https://quantum.cloud.ibm.com/computers}},
  note         = {Accessed: 2025-08-05}
}

@misc{IBM_torino,
  author       = {{IBM Quantum}},
  title        = {{IBM Quantum Computer: ibm\_torino}},
  year         = {2025},
  howpublished = {\url{https://quantum.cloud.ibm.com/computers?system=ibm_torino}},
  note         = {Accessed: 2025‑08‑05}
}


@misc{IBM_brisbane,
author       = {{IBM Quantum}},
  title        = {{IBM Quantum Computer: ibm\_brisbane}},
  year         = {2025},
  howpublished = {\url{https://quantum.cloud.ibm.com/computers?system=ibm_brisbane}},
  note         = {Accessed: 2025‑08‑05}
}

@misc{IBM_kyiv,
  author       = {{IBM Quantum}},
  title        = {IBM Kyiv Backend Specifications},
  year         = {2025},
  url          = {https://quantum.ibm.com/services/resources?system=ibm_kyiv},
  note         = {Acessado em: 28 mar. 2025}
}

@misc{IBM_sherbrooke,
  author       = {{IBM Quantum}},
  title        = {IBM Sherbrooke Backend Specifications},
  year         = {2025},
  url          = {https://quantum.ibm.com/services/resources?system=ibm_sherbrooke},
  note         = {Acessado em: 28 mar. 2025}
}

@misc{IBM_backends,
  author       = {{IBM Quantum}},
  title        = {Get backend information with Qiskit},
  year         = {2025},
  howpublished = {\url{https://qiskit.org/documentation/tutorials/circuits_advanced/08_gathering_system_information.html}},
  note         = {Accessed: 2025-05-24}
}

@misc{qiskit_aersimulator,
  author = {{Qiskit Development Team}},
  title = {AerSimulator --- Qiskit Aer Documentation},
  howpublished = {\url{https://qiskit.github.io/qiskit-aer/stubs/qiskit_aer.AerSimulator.html#aersimulator}},
  note = {Accessed: 2025-05-24},
  year = {2025}
}

@misc{qiskit_aer,
  author = {{Qiskit Development Team}},
  title = {Qiskit Aer Documentation},
  howpublished = {\url{https://qiskit.github.io/qiskit-aer/index.html}},
  note = {Accessed: 2025-05-24},
  year = {2025}
}

@misc{IBM2025_transpile,
  author    = {{IBM Quantum}},
  title     = {Transpiler Stages - Optimization Stage},
  year      = {2025},
  url       = {https://docs.quantum.ibm.com/guides/transpiler-stages#optimization-stage},
  note      = {Acessado em: 14 mar. 2025}
}

@misc{IBM2025_OptimGates1qb,
  author    = {{IBM Quantum}},
  title     = {Optimize1qGatesDecomposition - Qiskit Transpiler Pass},
  year      = {2025},
  url       = {https://docs.quantum.ibm.com/api/qiskit/qiskit.transpiler.passes.Optimize1qGatesDecomposition},
  note      = {Acessado em: 14 mar. 2025}
}

@misc{IBM2025_CancelInverso,
  author    = {{IBM Quantum}},
  title     = {InverseCancellation - Qiskit Transpiler Pass},
  year      = {2025},
  url       = {https://docs.quantum.ibm.com/api/qiskit/qiskit.transpiler.passes.InverseCancellation},
  note      = {Acessado em: 14 mar. 2025}
}

@misc{IBM2025_CancelComutativo,
  author    = {{IBM Quantum}},
  title     = {CommutativeCancellation - Qiskit Transpiler Pass},
  year      = {2025},
  url       = {https://docs.quantum.ibm.com/api/qiskit/qiskit.transpiler.passes.CommutativeCancellation},
  note      = {Acessado em: 25 mar. 2025}
}

@misc{IBM2025_ColetaBlock2qb,
  author    = {{IBM Quantum}},
  title     = {Collect2qBlocks - Qiskit Transpiler Pass},
  year      = {2025},
  url       = {https://docs.quantum.ibm.com/api/qiskit/qiskit.transpiler.passes.Collect2qBlocks},
  note      = {Acessado em: 25 mar. 2025}
}

@misc{IBM2025_ConsolidaBlocos,
  author    = {{IBM Quantum}},
  title     = {ConsolidateBlocks - Qiskit Transpiler Pass},
  year      = {2025},
  url       = {https://docs.quantum.ibm.com/api/qiskit/qiskit.transpiler.passes.ConsolidateBlocks},
  note      = {Acessado em: 25 mar. 2025}
}

@misc{IBM2025_SinteseUnit,
  author    = {{IBM Quantum}},
  title     = {UnitarySynthesis - Qiskit Transpiler Pass},
  year      = {2025},
  url       = {https://docs.quantum.ibm.com/api/qiskit/qiskit.transpiler.passes.UnitarySynthesis},
  note      = {Acessado em: 25 mar. 2025}
}

@misc{IBM_PauliTwirling,
  author       = {{IBM Quantum}},
  year         = {2025},
  title        = {Error mitigation and suppression techniques},
  howpublished = {\url{https://docs.quantum.ibm.com/guides/error-mitigation-and-suppression-techniques}},
  note         = {Acessado em: 5 de abril de 2025}
}

@misc{IBM2025_PEC,
  author       = {{IBM Quantum}},
  title        = {Error mitigation and suppression techniques: Probabilistic Error Cancellation (PEC)},
  year         = {2025},
  howpublished = {\url{https://docs.quantum.ibm.com/guides/error-mitigation-and-suppression-techniques#probabilistic-error-cancellation-pec}},
  note         = {Acessado em: 19 de abril de 2025}
}


@misc{Mitiq2025_PEC,
  author       = {{Unitary Fund}},
  title        = {Mitiq Documentation: Probabilistic Error Cancellation},
  year         = {2025},
  howpublished = {\url{https://mitiq.readthedocs.io/en/stable/guide/error-mitigation.html#probabilistic-error-cancellation}},
  note         = {Acessado em: 19 de abril de 2025}
}


@article{LaRose2022_MitiqSoftware,
  doi = {10.22331/q-2022-08-11-774},
  url = {https://doi.org/10.22331/q-2022-08-11-774},
  title = {Mitiq: {A} software package for error mitigation on noisy quantum computers},
  author = {LaRose, Ryan and Mari, Andrea and Kaiser, Sarah and Karalekas, Peter J. and Alves, Andre A. and Czarnik, Piotr and El Mandouh, Mohamed and Gordon, Max H. and Hindy, Yousef and Robertson, Aaron and Thakre, Purva and Wahl, Misty and Samuel, Danny and Mistri, Rahul and Tremblay, Maxime and Gardner, Nick and Stemen, Nathaniel T. and Shammah, Nathan and Zeng, William J.},
  journal = {{Quantum}},
  issn = {2521-327X},
  publisher = {{Verein zur F{\"{o}}rderung des Open Access Publizierens in den Quantenwissenschaften}},
  volume = {6},
  pages = {774},
  month = aug,
  year = {2022}
}

@article{PhysRevLett2023_PEC,
  title = {Universal Sampling Lower Bounds for Quantum Error Mitigation},
  author = {Takagi, Ryuji and Tajima, Hiroyasu and Gu, Mile},
  journal = {Phys. Rev. Lett.},
  volume = {131},
  issue = {21},
  pages = {210602},
  numpages = {8},
  year = {2023},
  month = {Nov},
  publisher = {American Physical Society},
  doi = {10.1103/PhysRevLett.131.210602},
  url = {https://link.aps.org/doi/10.1103/PhysRevLett.131.210602}
}

@article{PhysRevResearch2021_PEC,
  title = {Optimal resource cost for error mitigation},
  author = {Takagi, Ryuji},
  journal = {Phys. Rev. Res.},
  volume = {3},
  issue = {3},
  pages = {033178},
  numpages = {11},
  year = {2021},
  month = {Aug},
  publisher = {American Physical Society},
  doi = {10.1103/PhysRevResearch.3.033178},
  url = {https://link.aps.org/doi/10.1103/PhysRevResearch.3.033178}
}

@article{PRXQuantum2024_PEC,
  title = {Quantum Error Mitigated Classical Shadows},
  author = {Jnane, Hamza and Steinberg, Jonathan and Cai, Zhenyu and Nguyen, H. Chau and Koczor, B\'alint},
  journal = {PRX Quantum},
  volume = {5},
  issue = {1},
  pages = {010324},
  numpages = {21},
  year = {2024},
  month = {Feb},
  publisher = {American Physical Society},
  doi = {10.1103/PRXQuantum.5.010324},
  url = {https://link.aps.org/doi/10.1103/PRXQuantum.5.010324}
}

@article{Kim2023_DD_PT_PEA,
  author    = {Youngseok Kim and Christopher J. Wood and Theodore J. Yoder and Seth T. Merkel and Jay M. Gambetta and Kristan Temme and Abhinav Kandala},
  title     = {Scalable error mitigation for noisy quantum circuits produces competitive expectation values},
  journal   = {Nature Physics},
  volume    = {19},
  number    = {5},
  pages     = {752--759},
  year      = {2023},
  doi       = {10.1038/s41567-022-01914-3},
  url       = {https://doi.org/10.1038/s41567-022-01914-3},
  issn      = {1745-2481}
}

@article{Endo2018_PEA,
  title = {Practical Quantum Error Mitigation for Near-Future Applications},
  author = {Endo, Suguru and Benjamin, Simon C. and Li, Ying},
  journal = {Phys. Rev. X},
  volume = {8},
  issue = {3},
  pages = {031027},
  numpages = {21},
  year = {2018},
  month = {Jul},
  publisher = {American Physical Society},
  doi = {10.1103/PhysRevX.8.031027},
  url = {https://link.aps.org/doi/10.1103/PhysRevX.8.031027}
}

@INPROCEEDINGS{GiurgicaTiron2020_ZNE,
  author={Giurgica-Tiron, Tudor and Hindy, Yousef and LaRose, Ryan and Mari, Andrea and Zeng, William J.},
  booktitle={2020 IEEE International Conference on Quantum Computing and Engineering (QCE)},
  title={Digital zero noise extrapolation for quantum error mitigation},
  year={2020},
  volume={},
  number={},
  pages={306-316},
  keywords={Logic gates;Quantum computing;Extrapolation;Noise measurement;Qubit;Hardware;Integrated circuit modeling;quantum computing},
  doi={10.1109/QCE49297.2020.00045}
  }

 @article{PhysRevA.105.032620,
  title = {Model-free readout-error mitigation for quantum expectation values},
  author = {van den Berg, Ewout and Minev, Zlatko K. and Temme, Kristan},
  journal = {Phys. Rev. A},
  volume = {105},
  issue = {3},
  pages = {032620},
  numpages = {8},
  year = {2022},
  month = {Mar},
  publisher = {American Physical Society},
  doi = {10.1103/PhysRevA.105.032620},
  url = {https://link.aps.org/doi/10.1103/PhysRevA.105.032620}
}

@article{emerson2016_PauliTwirling,
  title = {Noise tailoring for scalable quantum computation via randomized compiling},
  author = {Wallman, Joel J. and Emerson, Joseph},
  journal = {Phys. Rev. A},
  volume = {94},
  issue = {5},
  pages = {052325},
  numpages = {9},
  year = {2016},
  month = {Nov},
  publisher = {American Physical Society},
  doi = {10.1103/PhysRevA.94.052325},
  url = {https://journals.aps.org/pra/abstract/10.1103/PhysRevA.94.052325}
}

@article{emerson2005_PauliTwirling,
  title={Scalable noise estimation with random unitary operators},
  author={Emerson, J. and Alicki, R. and Zyczkowski, K.},
  journal={Journal of Optics B: Quantum and Semiclassical Optics},
  volume={7},
  number={10},
  pages={S347--S352},
  year={2005},
  publisher={IOP Publishing},
  doi={10.1088/1464-4266/7/10/S01}
}

@article{ishii2025_PauliTwirlingOnGrover,
  title={Implementation and verification of coherent error suppression using randomized compiling for Grover's algorithm on a trapped-ion device},
  author={Ishii, Masatoshi and Qassim, Hammam and Kurita, Tomochika and Emerson, Joseph and Maruyama, Kazunori and Oshima, Hirotaka and Sato, Shintaro},
  journal={arXiv preprint arXiv:2503.05344},
  year={2025}
}


@article{temme2017_PauliTwirling,
  title={Error mitigation for short-depth quantum circuits},
  author={Temme, Kristan and Bravyi, Sergey and Gambetta, Jay M},
  journal={Physical Review Letters},
  volume={119},
  number={18},
  pages={180509},
  year={2017},
  publisher={APS},
  doi={10.1103/PhysRevLett.119.180509}
}


@article{ezzell2023_DD_performance,
  title = {Dynamical decoupling for superconducting qubits: A performance survey},
  author = {Ezzell, Nic and Pokharel, Bibek and Tewala, Lina and Quiroz, Gregory and Lidar, Daniel A.},
  journal = {Phys. Rev. Appl.},
  volume = {20},
  issue = {6},
  pages = {064027},
  numpages = {42},
  year = {2023},
  month = {Dec},
  publisher = {American Physical Society},
  doi = {10.1103/PhysRevApplied.20.064027},
  url = {https://www.google.com/url?q=https%3A%2F%2Fjournals.aps.org%2Fprapplied%2Fabstract%2F10.1103%2FPhysRevApplied.20.064027%23fulltext}
}


@article{lopez2023_DD,
AUTHOR = {Mena López, Arturo and Wu, Lian-Ao},
TITLE = {Protectability of IBMQ Qubits by Dynamical Decoupling Technique},
JOURNAL = {Symmetry},
VOLUME = {15},
YEAR = {2023},
NUMBER = {1},
ARTICLE-NUMBER = {62},
URL = {https://www.mdpi.com/2073-8994/15/1/62},
ISSN = {2073-8994},
DOI = {10.3390/sym15010062}
}

@misc{IBM_DD,
  author       = {{IBM Quantum}},
  title        = {Error mitigation and suppression techniques},
  year         = {2025},
  url          = {https://docs.quantum.ibm.com/guides/error-mitigation-and-suppression-techniques#dynamical-decoupling},
  note         = {Acessado em: 26 mar. 2025}
}

@misc{qiskit_GroverNotebook,
  author       = {{Qiskit Community}},
  title        = {Grover's Algorithm — Qiskit Textbook},
  year         = {2023},
  howpublished = {\url{https://github.com/Qiskit/textbook/blob/main/notebooks/ch-algorithms/grover.ipynb}},
  note         = {Acessado em: 19 de abril de 2025}
}
